
@unpublished{SCSC12,
    author = {Demeri, St√©phane and Finkel, Alain and Goubault-Larrecq, Jean and  Schmitz, Sylvain and Schnoebelen, Philippe},
    title = {Algorithmic Aspects of WQO Theory (MPRI course)},
    url = {https://cel.archives-ouvertes.fr/cel-00727025},
    year = {2012},
}

@inproceedings{ABDU96,
 author = {Abdulla, Parosh Aziz and Karlis {\v{C}}er{\=a}ns and Bengt Jonsson
and Yih-Kuen Tsay},
 booktitle = {Proceedings of LICS'96},
 doi = {10.1109/LICS.1996.561359},
 pages = {313--321},
 publisher = {IEEE},
 title = {General decidability theorems for infinite-state systems},
 year = {1996},
 sha256 = {33683952C37EB88C4766353EE163985A86906F2B929FDE9321563702342BA9D5},
}

@inproceedings{ABDU98,
 author = {Abdulla, Parosh Aziz and Jonsson, Bengt},
 booktitle = {Proceedings of TACAS'98},
 doi = {10.1007/BFb0054179},
 pages = {298--312},
 publisher = {Springer},
 title = {Verifying networks of timed processes},
 volume = {1384},
 year = {1998},
 sha256 = {064BF31AB54ECE6B0E9BD0985B1A8C13D96221AF1DB0F4C5CFE8FB439BB602E1},
}

@article{KRU72,
  author = {Kruskal, Joseph B.},
  doi = {10.1016/0097-3165(72)90063-5},
  journal = {Journal of Combinatorial Theory, Series A},
  pages = {297--305},
  title = {The theory of well-quasi-ordering: A frequently discovered concept},
  volume = {13},
  year = {1972},
  sha256 = {0BC24CCB912E8753506C1B71534B06C2F6856F1B2C788F113EBC4A020ACE9A50},
}

@article{HIG52,
 author = {Higman, Graham},
 doi = {10.1112/plms/s3-2.1.326},
 journal = {Proceedings of the London Mathematical Society},
 pages = {326--336},
 title = {Ordering by divisibility in abstract algebras},
 volume = {3},
 year = {1952}
}
